<record><leader>00000cas a2200000 a 4500</leader><controlfield tag="001">14106951</controlfield><controlfield tag="008">860819d18961903vaudn ne      0    0eng  </controlfield><datafield ind1=" " ind2=" " tag="010"><subfield code="a">sn 86071843 </subfield></datafield><datafield ind1=" " ind2=" " tag="040"><subfield code="a">DLC</subfield><subfield code="b">eng</subfield><subfield code="c">DLC</subfield><subfield code="d">NVK</subfield><subfield code="d">DLC</subfield><subfield code="d">OCLCQ</subfield><subfield code="d">UKMGB</subfield><subfield code="d">DLC</subfield><subfield code="d">OCLCQ</subfield><subfield code="d">OCLCF</subfield></datafield><datafield ind1="7" ind2=" " tag="016"><subfield code="a">013899695</subfield><subfield code="2">Uk</subfield></datafield><datafield ind1="1" ind2=" " tag="029"><subfield code="a">AU@</subfield><subfield code="b">000020236417</subfield></datafield><datafield ind1=" " ind2=" " tag="042"><subfield code="a">pcc</subfield></datafield><datafield ind1=" " ind2=" " tag="043"><subfield code="a">n-us-va</subfield></datafield><datafield ind1="0" ind2="0" tag="050"><subfield code="a">Newspaper</subfield></datafield><datafield ind1="0" ind2=" " tag="130"><subfield code="a">Evening leader (Manchester, Va.)</subfield></datafield><datafield ind1="1" ind2="4" tag="245"><subfield code="a">The Evening leader.</subfield></datafield><datafield ind1=" " ind2=" " tag="260"><subfield code="a">Manchester, Va. :</subfield><subfield code="b">Manchester Pub. Co.,</subfield><subfield code="c">-1903.</subfield></datafield><datafield ind1=" " ind2=" " tag="300"><subfield code="a">v. :</subfield><subfield code="b">ill. ;</subfield><subfield code="c">59 cm.</subfield></datafield><datafield ind1=" " ind2=" " tag="310"><subfield code="a">Daily (except Sunday)</subfield></datafield><datafield ind1="1" ind2=" " tag="362"><subfield code="a">Began Mar. 1896?</subfield></datafield><datafield ind1="0" ind2=" " tag="362"><subfield code="a">-v. 7, no. 48 (Jan. 24, 1903).</subfield></datafield><datafield ind1=" " ind2=" " tag="500"><subfield code="a">Published simultaneously at Richmond, Va., &lt;1898-1899&gt;.</subfield></datafield><datafield ind1=" " ind2=" " tag="500"><subfield code="a">Publisher varies: The Leader Co., &lt;1898&gt;.</subfield></datafield><datafield ind1=" " ind2=" " tag="515"><subfield code="a">In Nov. 1896 Evening leader was sold to the Times Co. of Richmond; new numbering begins: vol. 1, no. 1 (Nov. 30, 1896).</subfield></datafield><datafield ind1=" " ind2=" " tag="530"><subfield code="a">Also issued on microfilm from Bell &amp; Howell, Micro Photo Div.</subfield></datafield><datafield ind1=" " ind2=" " tag="580"><subfield code="a">In 1897 the Evening leader (Manchester, Va.) became the afternoon ed. of: the Times (Richmond, Va.), 1890-1903. Cf. Cappon, L.J. Va. newspapers.</subfield></datafield><datafield ind1=" " ind2=" " tag="588"><subfield code="a">Description based on: Vol. 7, no. 2440 (Mar. 19, 1896).</subfield></datafield><datafield ind1=" " ind2="0" tag="651"><subfield code="a">Richmond (Va.)</subfield><subfield code="v">Newspapers.</subfield></datafield><datafield ind1=" " ind2="0" tag="651"><subfield code="a">Manchester (Va.)</subfield><subfield code="v">Newspapers.</subfield></datafield><datafield ind1=" " ind2="7" tag="655"><subfield code="a">Newspapers.</subfield><subfield code="2">fast</subfield><subfield code="0">(OCoLC)fst01423814</subfield></datafield><datafield ind1=" " ind2="7" tag="651"><subfield code="a">Virginia</subfield><subfield code="z">Manchester.</subfield><subfield code="2">fast</subfield><subfield code="0">(OCoLC)fst01268575</subfield></datafield><datafield ind1=" " ind2="7" tag="651"><subfield code="a">Virginia</subfield><subfield code="z">Richmond.</subfield><subfield code="2">fast</subfield><subfield code="0">(OCoLC)fst01205345</subfield></datafield><datafield ind1=" " ind2=" " tag="752"><subfield code="a">United States</subfield><subfield code="b">Virginia</subfield><subfield code="c">Chesterfield</subfield><subfield code="d">Manchester.</subfield></datafield><datafield ind1=" " ind2=" " tag="752"><subfield code="a">United States</subfield><subfield code="b">Virginia</subfield><subfield code="d">Richmond.</subfield></datafield><datafield ind1="1" ind2=" " tag="775"><subfield code="t">Times (Richmond, Va.)</subfield><subfield code="w">(DLC)sn 85034438</subfield><subfield code="w">(OCoLC)12868989</subfield></datafield><datafield ind1="0" ind2="0" tag="780"><subfield code="t">Leader (Manchester, Va.)</subfield><subfield code="w">(DLC)sn 96096557</subfield><subfield code="w">(OCoLC)34496978</subfield></datafield><datafield ind1="0" ind2="7" tag="785"><subfield code="t">Richmond news (Richmond, Va.)</subfield><subfield code="w">(DLC)sn 86071842</subfield><subfield code="w">(OCoLC)14106895</subfield></datafield><datafield ind1="0" ind2="7" tag="785"><subfield code="t">News leader (Richmond, Va.)</subfield><subfield code="w">(DLC)sn 85038622</subfield><subfield code="w">(OCoLC)12872506</subfield></datafield></record>